@book{garcia2012physics,
  title={Physics for computer science students: with emphasis on atomic and semiconductor physics},
  author={Garcia, Narciso and Damask, Arthur},
  year={2012},
  publisher={Springer Science \& Business Media}
}
@misc{pang1999introduction,
  title={An introduction to computational physics},
  author={Pang, Tao},
  year={1999},
  publisher={AAPT}
}
@article{moody2009physics,
  title={The “physics” of notations: toward a scientific basis for constructing visual notations in software engineering},
  author={Moody, Daniel},
  journal={IEEE Transactions on software engineering},
  volume={35},
  number={6},
  pages={756--779},
  year={2009},
  publisher={IEEE}
}